@INPROCEEDINGS{Rusu2011, 
	author={R. B. Rusu and S. Cousins}, 
	booktitle={Robotics and Automation (ICRA), 2011 IEEE International Conference on}, 
	title={3D is here: Point Cloud Library (PCL)}, 
	year={2011}, 
	pages={1-4}, 
	keywords={feature extraction;image segmentation;robot vision;surface reconstruction;3D building blocks;3D perception gains;Kinect;PCL;advanced point cloud processing;feature estimation;international robotics community;low-cost 3D sensing hardware;model fitting;point cloud library;surface reconstruction;surface registration;surface segmentation}, 
	doi={10.1109/ICRA.2011.5980567}, 
	ISSN={1050-4729}, 
	month={May},
}

@INPROCEEDINGS{Wohlkinger2012, 
	author={W. Wohlkinger and A. Aldoma and R. B. Rusu and M. Vincze}, 
	booktitle={Robotics and Automation (ICRA), 2012 IEEE International Conference on}, 
	title={3DNet: Large-scale object class recognition from CAD models}, 
	year={2012}, 
	pages={5384-5391}, 
	keywords={CAD;image classification;image colour analysis;image sensors;intelligent robots;object recognition;pose estimation;public domain software;3D descriptor learning;3D object recognition;3DNet;6DOF pose estimation;PCL;classification rates;classification speed;descriptor benchmarking;descriptor testing;free resource;grasping task;large-scale hierarchical CAD model databases;large-scale object class recognition;low-cost RGB-D sensors;object class recognition scaling;object classification;open source framework;point cloud data;point cloud library;robotics tasks;scenes;search task;synthetic CAD models;training issues;Aircraft;Benchmark testing;Containers;Horses;Irrigation;Robots}, 
	doi={10.1109/ICRA.2012.6225116}, 
	ISSN={1050-4729}, 
	month={May},}

@INPROCEEDINGS{Lu2012, 
	author={Z. Lu and A. Chauhan and F. Silva and L. S. Lopes}, 
	booktitle={Robotics and Applications (ISRA), 2012 IEEE Symposium on}, 
	title={A brief survey of commercial robotic arms for research on manipulation}, 
	year={2012}, 
	pages={986-991}, 
	keywords={manipulators;cheap educational arms;commercial robotic arms;functional capacities;low price industrial arms;manipulation;modular light weight arms;performance;research oriented arms;research suitability;Manipulators;Payloads;Robot sensing systems;Service robots;Software;light weight robot (LWR);manipulation;research oriented arm;robotic arm}, 
	doi={10.1109/ISRA.2012.6219361}, 
	month={June},}

@inproceedings{Filipe2014,
	author    = {Silvio Filipe and Lu{\'{\i}}s A. Alexandre},
	title     = {A Comparative Evaluation of 3D Keypoint Detectors in a {RGB-D} Object Dataset},
	booktitle = {{VISAPP} 2014 - Proceedings of the 9th International Conference on Computer Vision Theory and Applications Volume 1, Lisbon, Portugal,
	5-8 January, 2014},
	pages     = {476--483},
	year      = {2014},
	doi       = {10.5220/0004679904760483},
}

@ARTICLE{Aldoma2016, 
	author={A. Aldoma and F. Tombari and L. D. Stefano and M. Vincze}, 
	journal={IEEE Transactions on Pattern Analysis and Machine Intelligence}, 
	title={A Global Hypothesis Verification Framework for 3D Object Recognition in Clutter}, 
	year={2016}, 
	volume={38}, 
	number={7}, 
	pages={1383-1396}, 
	keywords={clutter;feature extraction;heuristic programming;image colour analysis;object recognition;shape recognition;3D features;3D object recognition pipeline;GHV approach;clutter;color;global hypothesis verification framework;mutual interaction;occlusion;recognition hypothesis validation;sensor measurement;shape;Clutter;Computational modeling;Iterative closest point algorithm;Object recognition;Pipelines;Solid modeling;Three-dimensional displays;3D Object Recognition;3D object recognition;Hypothesis Verification;correspondence grouping;hypothesis verification;scene understanding}, 
	doi={10.1109/TPAMI.2015.2491940}, 
	ISSN={0162-8828}, 
	month={July},}

@ARTICLE{Besl1992, 
	author={P. J. Besl and H. D. McKay}, 
	journal={IEEE Transactions on Pattern Analysis and Machine Intelligence}, 
	title={A method for registration of 3-D shapes}, 
	year={1992}, 
	volume={14}, 
	number={2}, 
	pages={239-256}, 
	keywords={computational geometry;convergence of numerical methods;iterative methods;optimisation;pattern recognition;picture processing;3D shape registration;convergence;geometric entity;geometric model;iterative closest point;mean-square distance metric;pattern recognition;point set registration;Convergence;Inspection;Iterative algorithms;Iterative closest point algorithm;Iterative methods;Motion estimation;Quaternions;Shape measurement;Solid modeling;Testing}, 
	doi={10.1109/34.121791}, 
	ISSN={0162-8828}, 
	month={Feb},}

@article{Kalman1960,
	author = {Kalman, Rudolph Emil},
	title = {A New Approach to Linear Filtering and Prediction Problems},
	journal = {Transactions of the ASME--Journal of Basic Engineering},
	volume = {82},
	number = {Series D},
	pages = {35--45},
	year = {1960}
}

@INPROCEEDINGS{Cho2006, 
	author={J. U. Cho and S. H. Jin and X. D. Pham and J. W. Jeon and J. E. Byun and H. Kang}, 
	booktitle={2006 IEEE/RSJ International Conference on Intelligent Robots and Systems}, 
	title={A Real-Time Object Tracking System Using a Particle Filter}, 
	year={2006}, 
	pages={2822-2827}, 
	keywords={field programmable gate arrays;hardware description languages;image sequences;particle filtering (numerical methods);real-time systems;robot vision;tracking;field programmable gate array;hardware description language;moving objects tracking;particle filtering;probabilistic motion model;real-time object tracking system;Circuits;Delay;Field programmable gate arrays;Filtering;Image sequences;Particle filters;Particle tracking;Predictive models;Real time systems;Robustness;FPGA;Object tracking;VHDL;particle filter}, 
	doi={10.1109/IROS.2006.282066}, 
	ISSN={2153-0858}, 
	month={Oct},}

@INPROCEEDINGS{Aldoma2011, 
	author={A. Aldoma and M. Vincze and N. Blodow and D. Gossow and S. Gedikli and R. B. Rusu and G. Bradski}, 
	booktitle={Computer Vision Workshops (ICCV Workshops), 2011 IEEE International Conference on}, 
	title={CAD-model recognition and 6DOF pose estimation using 3D cues}, 
	year={2011}, 
	pages={585-592}, 
	keywords={CAD;feature extraction;image representation;image scanners;object recognition;pose estimation;solid modelling;3D cues;3D feature;6DOF pose estimation;CAD-model recognition;Microsoft Kinect Sensor;clustered viewpoint feature histogram;high-precission scanners;object recognition;partial occlusion;viewpoint feature histogram;Indium phosphide}, 
	doi={10.1109/ICCVW.2011.6130296}, 
	month={Nov},}

@INPROCEEDINGS{Moras2010, 
	author={J. Moras and V. Cherfaoui and P. Bonnifait}, 
	booktitle={Control Automation Robotics Vision (ICARCV), 2010 11th International Conference on}, 
	title={A lidar perception scheme for intelligent vehicle navigation}, 
	year={2010}, 
	pages={1809-1814}, 
	keywords={automated highways;automobiles;collision avoidance;mobile robots;optical radar;autonomous vehicle;driving assistance system;free space determination;intelligent vehicle navigation;lidar perception;multiecho measurement;multilayer measurement;obstacle detection;passenger-cars;Cameras;Laser radar;Measurement by laser beam;Mobile communication;Object detection;Sensors;Vehicles;Environmental Perception;Intelligent Vehicles;Mapping;Mobile Object Detection}, 
	doi={10.1109/ICARCV.2010.5707962}, 
	month={Dec},
}

@INPROCEEDINGS{ThomasICRA2013, 
	author={U. Thomas and G. Hirzinger and B. Rumpe and C. Schulze and A. Wortmann}, 
	booktitle={Robotics and Automation (ICRA), 2013 IEEE International Conference on}, 
	title={A new skill based robot programming language using UML/P Statecharts}, 
	year={2013}, 
	pages={461-466}, 
	keywords={Unified Modeling Language;formal specification;program compilers;robot programming;DSL;Eclipse plugin;Light Weight Robot Coding for Skills;LightRocks;MontiCore language workbench;UML/P Statecharts;abstract layer;abstraction;code generation;controller specific implementation detail hiding;domain specific language;generic graphical editor;shop floor workers;skill based robot programming language;task definition;technicians;DSL;Robot programming;Robot sensing systems;Unified modeling language}, 
	doi={10.1109/ICRA.2013.6630615}, 
	ISSN={1050-4729}, 
	month={May},}

@inproceedings{Manakov2011,
	added-at = {2011-11-21T00:00:00.000+0100},
	author = {Manakov, Alkhazur and Seidel, Hans-Peter and Ihrke, Ivo},
	biburl = {http://www.bibsonomy.org/bibtex/2dd0dd1865f6dd07e5d4200ae246bf8e8/dblp},
	booktitle = {VMV},
	editor = {Eisert, Peter and Hornegger, Joachim and Polthier, Konrad},
	ee = {http://dx.doi.org/10.2312/PE/VMV/VMV11/207-214},
	interhash = {23cd3cc384fd96ba86d5c2ce02151aa9},
	intrahash = {dd0dd1865f6dd07e5d4200ae246bf8e8},
	isbn = {978-3-905673-85-2},
	keywords = {dblp},
	pages = {207-214},
	publisher = {Eurographics Association},
	timestamp = {2015-12-04T11:42:15.000+0100},
	title = {A Mathematical Model and Calibration Procedure for Galvanometric Laser Scanning Systems.},
	year = 2011
}

@INPROCEEDINGS{Hamabe2015, 
	author={T. Hamabe and H. Goto and J. Miura}, 
	booktitle={2015 IEEE International Conference on Robotics and Biomimetics (ROBIO)}, 
	title={A programming by demonstration system for human-robot collaborative assembly tasks}, 
	year={2015}, 
	pages={1195-1201}, 
	keywords={control engineering computing;human-robot interaction;humanoid robots;production engineering computing;programming;robotic assembly;PbD system;action recognition;demonstration observation parts;human-robot collaborative assembly task;programming-by-demonstration system;robot programming;scene recognition system;task execution parts;task modeling parts;Cameras;Collaboration;Fasteners;Legged locomotion;Programming;Robot kinematics;Programming by demonstration;collaborative assembly;humanoid}, 
	doi={10.1109/ROBIO.2015.7418934}, 
	month={Dec},}

@inbook{Holz2015,
	title = {A skill-based system for object perception and manipulation for automating kitting tasks},
	keywords = {Object detection, grasping, motion planning, pre-computed trajectories, skill framework},
	author = {D. Holz and A. Topalidou-Kyniazopoulou and Francesco Rovida and Pedersen, Mikkel Rath and Volker Krüger and S. Behnke},
	year = {2015},
	doi = {10.1109/ETFA.2015.7301453},
	isbn = {978-1-4673-7929-8},
	pages = {1--9},
	booktitle = {IEEE 20th Conference on Emerging Technologies & Factory Automation (ETFA), 2015},
	publisher = {IEEE},
	address = {United States},
}

@article{Argall2009,
	author = {Argall, Brenna D. and Chernova, Sonia and Veloso, Manuela and Browning, Brett},
	title = {A Survey of Robot Learning from Demonstration},
	journal = {Robot. Auton. Syst.},
	issue_date = {May, 2009},
	volume = {57},
	number = {5},
	month = may,
	year = {2009},
	issn = {0921-8890},
	pages = {469--483},
	numpages = {15},
	url = {http://dx.doi.org/10.1016/j.robot.2008.10.024},
	doi = {10.1016/j.robot.2008.10.024},
	acmid = {1524008},
	publisher = {North-Holland Publishing Co.},
	address = {Amsterdam, The Netherlands, The Netherlands},
	keywords = {Autonomous systems, Learning from demonstration, Machine learning, Robotics},
} 


@INPROCEEDINGS{Thomas2001, 
	author={U. Thomas and F. M. Wahl}, 
	booktitle={Intelligent Robots and Systems, 2001. Proceedings. 2001 IEEE/RSJ International Conference on}, 
	title={A system for automatic planning, evaluation and execution of assembly sequences for industrial robots}, 
	year={2001}, 
	volume={3}, 
	pages={1458-1464 vol.3}, 
	keywords={CAD/CAM;assembly planning;computer aided production planning;industrial robots;symbol manipulation;user interfaces;CAD-models;assembly sequence automatic evaluation;assembly sequence automatic execution;assembly sequence automatic planning;depart-spaces;external sensors;industrial robots;internal sensors;robot work cell description;skill primitives;symbolic spatial relations;user-friendly interface;Assembly systems;Electrical equipment industry;Fasteners;Industrial control;Manufacturing automation;Process planning;Robot sensing systems;Robotic assembly;Robotics and automation;Service robots}, 
	doi={10.1109/IROS.2001.977186}, 
	month={},
}

@Article{Yan2014,
	author={Yan, Haibin and Ang, Marcelo H. and Poo, Aun Neow},
	title={A Survey on Perception Methods for Human--Robot Interaction in Social Robots},
	journal={International Journal of Social Robotics},
	year={2014},
	volume={6},
	number={1},
	pages={85--119},
	issn={1875-4805},
	doi={10.1007/s12369-013-0199-6},
	url={http://dx.doi.org/10.1007/s12369-013-0199-6},
}

@INPROCEEDINGS{Thomas2002, 
	author={U. Thomas and I. Maciuszek and F. M. Wahl}, 
	booktitle={Robotics and Automation, 2002. Proceedings. ICRA '02. IEEE International Conference on}, 
	title={A unified notation for serial, parallel, and hybrid kinematic structures}, 
	year={2002}, 
	volume={3}, 
	pages={2868-2873}, 
	keywords={manipulator kinematics;nomenclature;Denavit-Hartenberg parameters;articulated machine tools;cardan joints;gear trains;graph representation;hybrid kinematic structures;parallel kinematic structures;parallel manipulators;robots;serial kinematic structures;spherical joints;unified notation;Gears;Kinematics;Machine tools;Manipulators;Motion control;Motion planning;Parallel robots;Process control;Service robots;Software tools}, 
	doi={10.1109/ROBOT.2002.1013667}, 
	month={},
}

@INPROCEEDINGS{Perzylo2015, 
	author={A. Perzylo and N. Somani and M. Rickert and A. Knoll}, 
	booktitle={Intelligent Robots and Systems (IROS), 2015 IEEE/RSJ International Conference on}, 
	title={An ontology for CAD data and geometric constraints as a link between product models and semantic robot task descriptions}, 
	year={2015}, 
	pages={4197-4203}, 
	keywords={CAD;graphical user interfaces;knowledge representation languages;robots;BREP;CAD data;OWL;Web ontology language;boundary representations;constraint-based robot task descriptions;description language;geometric constraints;product models;semantic description language;semantic representation;semantic robot task descriptions;shape-based object recognition;Design automation;Mathematical model;OWL;Ontologies;Semantics;Solid modeling;Wires}, 
	doi={10.1109/IROS.2015.7353971}, 
	month={Sept},
}

@INPROCEEDINGS{Haddadi2013, 
	author={A. Haddadi and E. A. Croft and B. T. Gleeson and K. MacLean and J. Alcazar}, 
	booktitle={Robotics and Automation (ICRA), 2013 IEEE International Conference on}, 
	title={Analysis of task-based gestures in human-robot interaction}, 
	year={2013}, 
	pages={2146-2152}, 
	keywords={gesture recognition;human-robot interaction;industrial manipulators;intelligent robots;motion control;productivity;robotic assembly;Barrett WAMTM1 manipulator;communicative gestures;communicative information;communicative structure;fluid task flow;gesture segments;human recognition rate;human workers;human-robot collaboration;human-robot interaction scenarios;industrial robot assistants;intelligent robots;manufacturing environments;manufacturing processes;manufacturing quality;productivity;real-time interaction;response time analysis;robot motions;robotic technology;task-based gestures;vehicle door assembly scenario;Assembly;Context;Human-robot interaction;Real-time systems;Service robots;Time factors}, 
	doi={10.1109/ICRA.2013.6630865}, 
	ISSN={1050-4729}, 
	month={May},
}

@article{Riazuelo2014,
	author = {Riazuelo, L. and Civera, Javier and Montiel, J. M. M.},
	title = {C2TAM: A Cloud Framework for Cooperative Tracking and Mapping},
	journal = {Robot. Auton. Syst.},
	issue_date = {April, 2014},
	volume = {62},
	number = {4},
	month = apr,
	year = {2014},
	issn = {0921-8890},
	pages = {401--413},
	numpages = {13},
	url = {http://dx.doi.org/10.1016/j.robot.2013.11.007},
	doi = {10.1016/j.robot.2013.11.007},
	acmid = {2592395},
	publisher = {North-Holland Publishing Co.},
	address = {Amsterdam, The Netherlands, The Netherlands},
	keywords = {Cloud Computing, Cloud Robotics, Cloud SLAM, SLAM, Visual SLAM},
} 

@ARTICLE{Mohanarajah2015, 
	author={G. Mohanarajah and V. Usenko and M. Singh and R. D'Andrea and M. Waibel}, 
	journal={IEEE Transactions on Automation Science and Engineering}, 
	title={Cloud-Based Collaborative 3D Mapping in Real-Time With Low-Cost Robots}, 
	year={2015}, 
	volume={12}, 
	number={2}, 
	pages={423-431}, 
	keywords={cartography;cloud computing;computer centres;control engineering computing;distance measurement;mobile robots;Rapyuta;cloud robotics framework;cloud-based collaborative 3D mapping;commercial data center;dense visual odometry algorithm;low-cost robots;parallel algorithms;parallel optimization;real-time robots;smartphone-class processor;Cloning;Optimization;Robot kinematics;Robot sensing systems;Three-dimensional displays;Visualization;Cloud robotics;cloud-based mapping;dense visual odometry;platform-as-a-Service}, 
	doi={10.1109/TASE.2015.2408456}, 
	ISSN={1545-5955}, 
	month={April},}

@INPROCEEDINGS{Thomas2003ATP, 
	author={U. Thomas and M. Barrenscheen and F. M. Wahl}, 
	booktitle={Assembly and Task Planning, 2003. Proceedings of the IEEE International Symposium on}, 
	title={Efficient assembly sequence planning using stereographical projections of C-space obstacles}, 
	year={2003}, 
	pages={96-102}, 
	keywords={assembly planning;computational complexity;robot programming;robotic assembly;stereo image processing;AND graph;C-space obstacles;OR graph;assembly planner;assembly sequence planning;computation times;direct hardware support;disassembly strategy;parallelism;realistic industrial assemblies;robotic programming;separability;stereographical projections;Assembly systems;Computer industry;Costs;Manufacturing processes;Parallel processing;Process control;Robotic assembly;Robotics and automation;Service robots;Testing}, 
	doi={10.1109/ISATP.2003.1217194}, 
	month={July},}

@Inbook{Thomas2011,
	author={Thomas, Ulrike and Wahl, Friedrich M.},
	title={Assembly Planning and Task Planning --- Two Prerequisites for Automated Robot Programming},
	bookTitle={Robotic Systems for Handling and Assembly},
	year={2011},
	publisher={Springer Berlin Heidelberg},
	address={Berlin, Heidelberg},
	pages={333--354},
	isbn={978-3-642-16785-0},
	doi={10.1007/978-3-642-16785-0_19},
	url={http://dx.doi.org/10.1007/978-3-642-16785-0_19}
}

@book{Mathieu2015,
	author = {Mathieu Bélanger-Barrette},
	title = {Collaborative Robot Ebook},
	year = {2015},
	edition = {Sixth},
	publisher = {Robotiq}
}


@article{Marton2011,
	author = {Marton, Zoltan-Csaba and Pangercic, Dejan and Blodow, Nico and Beetz, Michael},
	title = {Combined 2D-3D Categorization and Classification for Multimodal Perception Systems},
	journal = {Int. J. Rob. Res.},
	issue_date = {September 2011},
	volume = {30},
	number = {11},
	month = sep,
	year = {2011},
	issn = {0278-3649},
	pages = {1378--1402},
	numpages = {25},
	url = {http://dx.doi.org/10.1177/0278364911415897},
	doi = {10.1177/0278364911415897},
	acmid = {2044037},
	publisher = {Sage Publications, Inc.},
	address = {Thousand Oaks, CA, USA},
	keywords = {3D reconstruction, Perception system, geometric categorization, modeling, multimodal classification, online learning, visual bag-of-words},
} 


@article{Hansch2014,
	author = {H{\"{a}}nsch, R. and Weber, T. and Hellwich, O.},
	doi = {10.5194/isprsannals-II-3-57-2014},
	journal = {ISPRS Annals of Photogrammetry, Remote Sensing and Spatial Information Sciences},
	keywords = {cloud, descriptionkeypoint, detectionkeypoint, fusion, keypoint, kinectpoint, matchingms},
	month = aug,
	number = {September},
	pages = {57--64},
	title = {{Comparison of 3D interest point detectors and descriptors for point cloud fusion}},
	volume = {II-3},
	year = {2014}
}



@INPROCEEDINGS{Beetz2010, 
	author={M. Beetz and L. Mösenlechner and M. Tenorth}, 
	booktitle={Intelligent Robots and Systems (IROS), 2010 IEEE/RSJ International Conference on}, 
	title={CRAM - A Cognitive Robot Abstract Machine for everyday manipulation in human environments}, 
	year={2010}, 
	pages={1012-1017}, 
	keywords={cognitive systems;knowledge representation;manipulators;mobile robots;program compilers;robot programming;symbol manipulation;CRAM programmed autonomous robots;abstract knowledge base;cognition enabled autonomous robots;cognitive capability;cognitive robot abstract machine;complex mobile manipulation activity;control programs;household robot;human environment;infer control decision;knowledge representation;lightweight reasoning mechanism;software toolbox;symbolic expression}, 
	doi={10.1109/IROS.2010.5650146}, 
	ISSN={2153-0858}, 
	month={Oct},}

@book{Witten2005,
	author = {Witten, Ian H. and Frank, Eibe},
	title = {Data Mining: Practical Machine Learning Tools and Techniques, Second Edition (Morgan Kaufmann Series in Data Management Systems)},
	year = {2005},
	isbn = {0120884070},
	publisher = {Morgan Kaufmann Publishers Inc.},
	address = {San Francisco, CA, USA},
} 

@INPROCEEDINGS{Andersen2014, 
	author={R. H. Andersen and T. Solund and J. Hallam}, 
	booktitle={ISR/Robotik 2014; 41st International Symposium on Robotics; Proceedings of}, 
	title={Definition and Initial Case-Based Evaluation of Hardware-Independent Robot Skills for Industrial Robotic Co-Workers}, 
	year={2014}, 
	pages={1-7}, 
	month={June},
}

@INPROCEEDINGS{Lee2016, 
	author={H. Lee and H. Kwon and R. M. Robinson and W. D. Nothwang}, 
	booktitle={2016 IEEE International Conference on Acoustics, Speech and Signal Processing (ICASSP)}, 
	title={DTM: Deformable template matching}, 
	year={2016}, 
	pages={1966-1970}, 
	keywords={image matching;transforms;DPM;DTM;PASCAL VOC 07 dataset;deformable matching;deformable part model;deformable template matching;object recognition;predefined basic rules;rotation-invariant SIFT descriptor;Bicycles;Deformable models;Object recognition;Shape;Standards;Training;Transforms;SIFT;Template matching;deformable parts}, 
	doi={10.1109/ICASSP.2016.7472020}, 
	month={March},}

@article{Stenmark2014,
	title ={Describing constraint-based assembly tasks in unstructured natural language },
	journal ={\{IFAC\} Proceedings Volumes },
	volume ={47},
	number ={3},
	pages ={3056 - 3061},
	year ={2014},
	note ={19th \{IFAC\} World Congress},
	issn ={1474-6670},
	doi ={http://dx.doi.org/10.3182/20140824-6-ZA-1003.02062},
	url ={http://www.sciencedirect.com/science/article/pii/S1474667016420768},
	author ={Maj Stenmark and Jacek Malec},
	keywords ={Robot programming},
	keywords ={natural language},
	keywords ={assembly},
	keywords ={knowledge-based engineering}
}

@INPROCEEDINGS{Rocha2015, 
	author={L. F. Rocha and P. Malaca and J. Silva and A. P. Moreira and G. Veiga}, 
	booktitle={2015 IEEE International Conference on Industrial Technology (ICIT)}, 
	title={Development of a 3D model based part recognition system for industrial applications: Main challenges}, 
	year={2015}, 
	pages={3296-3301}, 
	keywords={industrial robots;object recognition;3D model based part recognition system;3D object recognition system;industrial application;industrial robot;perception skill;technology transference;Feature extraction;Object recognition;Service robots;Solid modeling;Support vector machines;Three-dimensional displays}, 
	doi={10.1109/ICIT.2015.7125586}, 
	month={March},}


@INPROCEEDINGS{Surdilovic2010, 
	author={D. Surdilovic and G. Schreck and U. Schmidt}, 
	booktitle={Robotics (ISR), 2010 41st International Symposium on and 2010 6th German Conference on Robotics (ROBOTIK)}, 
	title={Development of Collaborative Robots (COBOTS) for Flexible Human-Integrated Assembly Automation}, 
	year={2010}, 
	pages={1-8}, 
	keywords={Decision support systems;Robots}, 
	month={June},
}

@INPROCEEDINGS{You2012, 
	author={J. S. You and D. H. Kim and S. J. Lim and S. P. Kang and J. Y. Lee and C. S. Han}, 
	booktitle={2012 IEEE International Conference on Automation Science and Engineering (CASE)}, 
	title={Development of manipulation planning algorithm for a dual-arm robot assembly task}, 
	year={2012}, 
	pages={1061-1066}, 
	keywords={grippers;industrial manipulators;path planning;robotic assembly;trees (mathematics);RRT algorithm;alpha puzzles;assembly path;dual-arm robot assembly task;linear puzzles;manipulation planning algorithm;rapidly-exploring random trees algorithm;regrasping path changes;robots grasp;Assembly;Collision avoidance;Joints;Planning;Robot kinematics;Service robots}, 
	doi={10.1109/CoASE.2012.6386351}, 
	ISSN={2161-8070}, 
	month={Aug},}

@INPROCEEDINGS{Sumi2009, 
	author={K. Sumi}, 
	booktitle={2009 IEEE Workshop on Advanced Robotics and its Social Impacts}, 
	title={Development of production robot system that can handle flexible goods - Project for strategic development of advanced robot element technologies / Robot Assembly System for FA equipment}, 
	year={2009}, 
	pages={42-46}, 
	keywords={assembling;computer vision;factory automation;industrial robots;3D vision sensing system;3D vision sensor;advanced robot element technologies;automatic error recovery system;circuit board;connector insertion;factory automation equipment;flexible goods;flexible objects;offline programming system;position misalignment;production robot system;robot assembly system;servo amplifier;strategic development;Connectors;Robot sensing systems}, 
	doi={10.1109/ARSO.2009.5587079}, 
	ISSN={2162-7568}, 
	month={Nov},
}

@article{Smith2012,
	title ={Dual arm manipulation—A survey },
	journal ={Robotics and Autonomous Systems },
	volume ={60},
	number ={10},
	pages ={1340 - 1353},
	year ={2012},
	note ={},
	issn ={0921-8890},
	doi ={http://dx.doi.org/10.1016/j.robot.2012.07.005},
	url ={http://www.sciencedirect.com/science/article/pii/S092188901200108X},
	author ={Christian Smith and Yiannis Karayiannidis and Lazaros Nalpantidis and Xavi Gratal and Peng Qi and Dimos V. Dimarogonas and Danica Kragic},
}



@article{Nikolaidis14,
	author    = {Stefanos Nikolaidis and Keren Gu and Ramya Ramakrishnan and Julie A. Shah},
	title     = {Efficient Model Learning for Human-Robot Collaborative Tasks},
	journal   = {CoRR},
	volume    = {abs/1405.6341},
	year      = {2014},
	url       = {http://arxiv.org/abs/1405.6341},
}

@INPROCEEDINGS{Patel2012,
	author={R. Patel and M. Hedelind and P. Lozan-Villegas}, 
	booktitle={Robotics; Proceedings of ROBOTIK 2012; 7th German Conference on}, 
	title={Enabling robots in small-part assembly lines: The ROSETTA approach - An industrial perspective}, 
	year={2012}, 
	pages={1-5}, 
	keywords={Assembly;Automation;Humans;Robot sensing systems;Safety;Service robots}, 
	month={May},
}

@INPROCEEDINGS{ThomasICRA2003, 
	author={U. Thomas and B. Finkemeyer and T. Kroger and F. M. Wahl}, 
	booktitle={Robotics and Automation, 2003. Proceedings. ICRA '03. IEEE International Conference on}, 
	title={Error-tolerant execution of complex robot tasks based on skill primitives}, 
	year={2003}, 
	volume={3}, 
	pages={3069-3075 vol.3}, 
	keywords={CAD;assembly planning;compliance control;force control;path planning;position control;robotic assembly;velocity control;3D configuration spaces;CAD data;Masons hybrid force velocity control;assembly planning;compliance motion planning;compliant motion control;error tolerant execution;error-tolerant execution;position control;robot control systems;skill primitive nets;stability;trajectory planner;Assembly systems;Control systems;Motion planning;Position control;Robot control;Robot programming;Robot sensing systems;Robotic assembly;Robotics and automation;Robust stability}, 
	doi={10.1109/ROBOT.2003.1242062}, 
	ISSN={1050-4729}, 
	month={Sept},}

@article{Gauglitz2011,
	author = {Gauglitz, Steffen and H\"{o}llerer, Tobias and Turk, Matthew},
	title = {Evaluation of Interest Point Detectors and Feature Descriptors for Visual Tracking},
	journal = {Int. J. Comput. Vision},
	issue_date = {September 2011},
	volume = {94},
	number = {3},
	month = sep,
	year = {2011},
	issn = {0920-5691},
	pages = {335--360},
	numpages = {26},
	url = {http://dx.doi.org/10.1007/s11263-011-0431-5},
	doi = {10.1007/s11263-011-0431-5},
	acmid = {2004132},
	publisher = {Kluwer Academic Publishers},
	address = {Hingham, MA, USA},
	keywords = {Dataset, Evaluation, Feature descriptors, Interest point detectors, Visual tracking},
} 

@INPROCEEDINGS{Thomas2015, 
	author={U. Thomas and T. Stouraitis and M. A. Roa}, 
	booktitle={2015 IEEE International Conference on Automation Science and Engineering (CASE)}, 
	title={Flexible assembly through integrated assembly sequence planning and grasp planning}, 
	year={2015}, 
	pages={586-592}, 
	keywords={assembly planning;computer aided production planning;graph colouring;shear modulus;AND-graphs;OR-graphs;arbitrary assemblies;assembly sequence planner;dynamically changing priority queue;geometrical constraints;graph generation;grasp planning;mechanical constraints;physical constraints;planning process;rigid parts;specialized graph cut algorithm;work-cell specific constraints;Assembly;Databases;Fasteners;Force;Grasping;Planning;Robots}, 
	doi={10.1109/CoASE.2015.7294142}, 
	ISSN={2161-8070}, 
	month={Aug},
}

@article{Kaczurba2013,
	author = {Kaczurba, Witold},
	journal = {Analog Dialogue},
	title = {{FPGA-Based System Combines Two Video Streams to Provide 3D Video}},
	year = {2013}
}

@article{Ballard1981,
	title ={Generalizing the Hough transform to detect arbitrary shapes},
	journal ={Pattern Recognition},
	volume ={13},
	number ={2},
	pages ={111 - 122},
	year ={1981},
	note ={},
	issn ={0031-3203},
	doi ={http://dx.doi.org/10.1016/0031-3203(81)90009-1},
	url ={http://www.sciencedirect.com/science/article/pii/0031320381900091},
	author ={D.H. Ballard},
	keywords ={Image processing},
	keywords ={Hough transform},
	keywords ={Shape recognition},
	keywords ={Pattern recognition},
	keywords ={Parallel algorithms}
}


@ARTICLE{Fujimoto2014,
	author={Y. Fujimoto and R. T. Smith and T. Taketomi and G. Yamamoto and J. Miyazaki and H. Kato and B. H. Thomas}, 
	journal={IEEE Transactions on Visualization and Computer Graphics}, 
	title={Geometrically-Correct Projection-Based Texture Mapping onto a Deformable Object}, 
	year={2014}, 
	volume={20}, 
	number={4}, 
	pages={540-549}, 
	keywords={augmented reality;image registration;image texture;object detection;object recognition;3D shape measurement;deformable marker;deformable object;deformable substrates;extreme deformation conditions;fundamental vision recognition;geometrically-correct projection-based texture mapping;information based AR systems;invisible marker;marker pattern;object surface registration;projection surface;projection-based AR system;projection-based augmented reality;retro-reflective marker detection;Cameras;Pattern recognition;Shape;Substrates;Surface treatment;Three-dimensional displays;Projection-based augmented reality; deformable marker; product design support}, 
	doi={10.1109/TVCG.2014.25}, 
	ISSN={1077-2626}, 
	month={April},
}

@INPROCEEDINGS{Gleeson2013, 
	author={B. Gleeson and K. MacLean and A. Haddadi and E. Croft and J. Alcazar}, 
	booktitle={2013 8th ACM/IEEE International Conference on Human-Robot Interaction (HRI)}, 
	title={Gestures for industry Intuitive human-robot communication from human observation}, 
	year={2013}, 
	pages={349-356}, 
	keywords={human-robot interaction;industrial manipulators;robotic assembly;safety;gestural communication lexicon;human observation;human robot collaborative work;human-robot collaboration;human-robot interaction context;industrial assembly;industry intuitive human robot communication;manufacturing safety;robotic implementation;Assembly;Collaboration;Fasteners;Industries;Service robots;Collaborative Robotics;Gesture;Human-Robot Communication;Industrial Assembly}, 
	doi={10.1109/HRI.2013.6483609}, 
	ISSN={2167-2121}, 
	month={March},
}

@inproceedings{Goto2013,
	author = {Miura, Goto and Miura, Jun and Goto, Goto},
	title = {Human-robot collaborative assembly by on-line human action recognition based on an FSM Task model},
	booktitle = {Proceedings of the Human-Robot Interaction 2013 Workshop on Collaborative Manipulation},
	year = {2013},
}

@article{Goodrich2007,
	author = {Goodrich, Michael A. and Schultz, Alan C.},
	title = {Human-robot Interaction: A Survey},
	journal = {Found. Trends Hum.-Comput. Interact.},
	issue_date = {February 2007},
	volume = {1},
	number = {3},
	month = jan,
	year = {2007},
	issn = {1551-3955},
	pages = {203--275},
	numpages = {73},
	url = {http://dx.doi.org/10.1561/1100000005},
	doi = {10.1561/1100000005},
	acmid = {1348100},
	publisher = {Now Publishers Inc.},
	address = {Hanover, MA, USA},
}

@article{Goodrich2008,
	url = {http://dx.doi.org/10.1561/1100000005},
	year = {2008},
	volume = {1},
	journal = {Foundations and Trends® in Human–Computer Interaction},
	title = {Human–Robot Interaction: A Survey},
	doi = {10.1561/1100000005},
	issn = {1551-3955},
	number = {3},
	pages = {203-275},
	author = {Michael A. Goodrich and Alan C. Schultz}
}

@INPROCEEDINGS{Edsinger2007, 
	author={A. Edsinger and C. C. Kemp}, 
	booktitle={RO-MAN 2007 - The 16th IEEE International Symposium on Robot and Human Interactive Communication}, 
	title={Human-Robot Interaction for Cooperative Manipulation: Handing Objects to One Another}, 
	year={2007}, 
	pages={1167-1172}, 
	keywords={humanoid robots;man-machine systems;manipulators;position control;bimanual insertion task;cooperative manipulation;human-robot interaction;humanoid robot;object handing;object position control;robotic grasping;Artificial intelligence;Computer science;Grasping;Human robot interaction;Humanoid robots;Intelligent robots;Laboratories;Robot control;Robot kinematics;Robotic assembly}, 
	doi={10.1109/ROMAN.2007.4415256}, 
	ISSN={1944-9445}, 
	month={Aug},
}

@INPROCEEDINGS{Roitberg2014, 
	author={A. Roitberg and A. Perzylo and N. Somani and M. Giuliani and M. Rickert and A. Knoll}, 
	booktitle={Signal and Information Processing Association Annual Summit and Conference (APSIPA), 2014 Asia-Pacific}, 
	title={Human activity recognition in the context of industrial human-robot interaction}, 
	year={2014}, 
	pages={1-10}, 
	keywords={feature extraction;human-robot interaction;image classification;image colour analysis;industrial robots;learning (artificial intelligence);object recognition;robot vision;discrete time frame classification;gesture activity;human activity recognition;human-robot cooperation;industrial human-robot interaction context;machine learning framework;movement activity;object handling activity;random forests;small-and-medium sized enterprise;spatial feature;temporal feature;Context;Hidden Markov models;Joints;Sensors;Service robots}, 
	doi={10.1109/APSIPA.2014.7041588}, 
	month={Dec},
}

@INPROCEEDINGS{Calisgan2012, 
	author={E. Calisgan and A. Haddadi and H. F. M. Van der Loos and J. A. Alcazar and E. A. Croft}, 
	booktitle={2012 IEEE RO-MAN: The 21st IEEE International Symposium on Robot and Human Interactive Communication}, 
	title={Identifying nonverbal cues for automated human-robot turn-taking}, 
	year={2012}, 
	pages={418-423}, 
	keywords={human-robot interaction;assembly-task-type collaboration;automated human-robot turn-taking;command channel;human-human interaction;human-robot collaboration;master-slave approach;nonexplicit communication channel;nonverbal communication cues;nonverbal cues identification;Collaboration;Context;Games;Humans;Joints;Service robots}, 
	doi={10.1109/ROMAN.2012.6343788}, 
	ISSN={1944-9445}, 
	month={Sept},
}

@INPROCEEDINGS{Fontanals2014, 
	author={J. Fontanals and B. A. Dang-Vu and O. Porges and J. Rosell and M. A. Roa}, 
	booktitle={2014 IEEE-RAS International Conference on Humanoid Robots}, 
	title={Integrated grasp and motion planning using independent contact regions}, 
	year={2014}, 
	pages={887-893}, 
	keywords={humanoid robots;manipulators;path planning;principal component analysis;sampling methods;trajectory control;Spacejustin;arm motion planning;arm trajectory;grasp motion planning;hand pose;humanoid robot;independent contact region;principal component analysis;robotic arm;sampling approach;Grasping;Kinematics;Measurement;Planning;Principal component analysis;Robots;Trajectory}, 
	doi={10.1109/HUMANOIDS.2014.7041469}, 
	ISSN={2164-0572}, 
	month={Nov},}

@INPROCEEDINGS{Tan2013, 
	author={M. Tan and W. Xu and D. Weng}, 
	booktitle={Computer-Aided Design and Computer Graphics (CAD/Graphics), 2013 International Conference on}, 
	title={iSarProjection: A KinectFusion Based Handheld Dynamic Spatial Augmented Reality System}, 
	year={2013}, 
	pages={425-426}, 
	keywords={augmented reality;cameras;image reconstruction;image registration;image texture;medical computing;pose estimation;KinectFusion-based handheld dynamic spatial augmented reality system;RGBD camera;dynamic SAR system;dynamically physical model augmentation;handheld projector;iSarProjection;medical anatomy visualization;physical display surface tracking;physical model point cloud;real-time dynamic spatial augmented reality system;real-time pose estimation;reconstructed 3D scene;texture mapping;white body model;Augmented reality;Biomedical imaging;Cameras;Head;Real-time systems;Surface reconstruction;Three-dimensional displays;Dynamic Projection;KinectFusion;Medical AR;Spatial Augmented Reality}, 
	doi={10.1109/CADGraphics.2013.79}, 
	month={Nov},
}

@article{Tenorth2013k,
	author = {Tenorth, Moritz and Beetz, Michael},
	title = {KnowRob: A Knowledge Processing Infrastructure for Cognition-enabled Robots},
	journal = {Int. J. Rob. Res.},
	issue_date = {April     2013},
	volume = {32},
	number = {5},
	month = apr,
	year = {2013},
	issn = {0278-3649},
	pages = {566--590},
	numpages = {25},
	url = {http://dx.doi.org/10.1177/0278364913481635},
	doi = {10.1177/0278364913481635},
	acmid = {2493608},
	publisher = {Sage Publications, Inc.},
	address = {Thousand Oaks, CA, USA},
	keywords = {grounded reasoning methods, knowledge bases for robots, knowledge representation},
} 


@article{Stenmark2015,
	title = {Knowledge-based instruction of manipulation tasks for industrial robotics},
	journal = {Robotics and Computer-Integrated Manufacturing},
	volume = {33},
	number = {},
	pages = {56 - 67},
	year = {2015},
	note = {Special Issue on Knowledge Driven Robotics and Manufacturing},
	issn = {0736-5845},
	doi = {http://dx.doi.org/10.1016/j.rcim.2014.07.004},
	url = {http://www.sciencedirect.com/science/article/pii/S073658451400060X},
	author = {Maj Stenmark and Jacek Malec},
}

@inproceedings{Tenorth14,
	author = {Moritz Tenorth and Georg Bartels and Michael Beetz},
	title = {Knowledge-based Specification of Robot Motions},
	booktitle = {Proc. of the European Conference on Artificial Intelligence (ECAI)},
	year = {2014},
	bib2html_funding = {RoboHow,SAPHARI},
	keywords = {openease_manipulation},
}

@article{Tuytelaars2008,
	author = {Tuytelaars, Tinne and Mikolajczyk, Krystian},
	title = {Local Invariant Feature Detectors: A Survey},
	journal = {Found. Trends. Comput. Graph. Vis.},
	issue_date = {January 2008},
	volume = {3},
	number = {3},
	month = jul,
	year = {2008},
	issn = {1572-2740},
	pages = {177--280},
	numpages = {104},
	url = {http://dx.doi.org/10.1561/0600000017},
	doi = {10.1561/0600000017},
	acmid = {1391082},
	publisher = {Now Publishers Inc.},
	address = {Hanover, MA, USA},
} 

@article{Yang2014,
	author = {Yang, Hong-seok and Park, Ji-man and Han, Jung-suk and Lee, Jai-bong and Kim, Sung-hun and Yeo, In-sung},
	keywords = {abutment,axial wall convergence angle,stereovision dental image,three-dimensional,tracing},
	pages = {259--265},
	title = {{Measuring abutment convergence angles using stereovision dental image processing system}},
	journal = {The Journal of Advanced Prosthodontics},
	year = {2014}
}

@article{Butting2016,
	author    = {Arvid Butting and Bernhard Rumpe and Christoph Schulze and Ulrike Thomas and Andreas Wortmann},
	title     = {Modeling Reusable, Platform-Independent Robot Assembly Processes},
	journal   = {CoRR},
	volume    = {abs/1601.02452},
	year      = {2016},
	url       = {http://arxiv.org/abs/1601.02452},
	timestamp = {Mon, 01 Feb 2016 15:36:05 +0100},
	biburl    = {http://dblp.uni-trier.de/rec/bib/journals/corr/ButtingRSTW16},
	bibsource = {dblp computer science bibliography, http://dblp.org}
}


@inproceedings{mopl2015,
	author = {Jentzsch, S{\"{o}}ren and Gaschler, Andre and Khatib, Oussama and Knoll, Alois},
	title = {{MOPL}: A Multi-Modal Path Planner for Generic Manipulation Tasks},
	booktitle = {Proceedings of the IEEE/RSJ International Conference on Intelligent Robots and Systems (IROS)},
	year = {2015},
	address = {Hamburg, Germany},
	keywords = {robotics},
}


@INPROCEEDINGS{Wang2015, 
	author={Y. Wang and R. Xiong and J. Wang and J. Zhang}, 
	booktitle={2015 IEEE International Conference on Robotics and Biomimetics (ROBIO)}, 
	title={Multi-class assembly parts recognition using composite feature and random forest for robot programming by demonstration}, 
	year={2015}, 
	pages={698-703}, 
	keywords={human-robot interaction;image classification;object detection;object recognition;robot programming;robotic assembly;LBP;PBD tasks;Zernike moment;aspect ratio;assembly tasks;building blocks assembly;circularity;classification algorithms;color histogram;composite feature representation method;demonstration;flashlight assembly;image translation;multiclass assembly parts recognition;multiclass objects;random forest algorithm;robot programming;Classification algorithms;Feature extraction;Histograms;Image color analysis;Object recognition;Shape;Training}, 
	doi={10.1109/ROBIO.2015.7418850}, 
	month={Dec},}

@book{Hartley2003,
	author = {Hartley, Richard and Zisserman, Andrew},
	title = {Multiple View Geometry in Computer Vision},
	year = {2003},
	isbn = {0521540518},
	edition = {2},
	publisher = {Cambridge University Press},
	address = {New York, NY, USA},
}

@INPROCEEDINGS{Stenmark2013, 
	author={M. Stenmark and P. Nugues}, 
	booktitle={Robotics (ISR), 2013 44th International Symposium on}, 
	title={Natural language programming of industrial robots}, 
	year={2013}, 
	pages={1-5}, 
	keywords={dexterous manipulators;grammars;industrial manipulators;natural language processing;robot programming;assembly task programming;high-level symbolic task sequences;industrial robots;natural language programming;physical robot systems;real-time constraints;semantic parser;syntactic parser;virtual robot systems;written natural language instructions;Knowledge representation;Natural languages;Random access memory;Robots;Vocabulary;High-level programming;industrial robots;natural language}, 
	doi={10.1109/ISR.2013.6695630}, 
	month={Oct},}

@INPROCEEDINGS{Beetz2015, 
	author={M. Beetz and M. Tenorth and J. Winkler}, 
	booktitle={2015 IEEE International Conference on Robotics and Automation (ICRA)}, 
	title={Open-EASE}, 
	year={2015}, 
	pages={1983-1990}, 
	keywords={human-robot interaction;knowledge representation;mobile robots;software tools;Open-Ease;human-scale manipulation;knowledge mechanism;knowledge processing service;leading-edge autonomous robotic agents;reasoning mechanism;remote knowledge representation;software tools;Cognition;Data visualization;Databases;Knowledge based systems;Robot kinematics;Robot sensing systems}, 
	doi={10.1109/ICRA.2015.7139458}, 
	ISSN={1050-4729}, 
	month={May},}

@INPROCEEDINGS{Chavan2015, 
	author={N. Chavan-Dafle and A. Rodriguez}, 
	booktitle={Intelligent Robots and Systems (IROS), 2015 IEEE/RSJ International Conference on}, 
	title={Prehensile pushing: In-hand manipulation with push-primitives}, 
	year={2015}, 
	pages={6215-6222}, 
	keywords={dexterous manipulators;friction;service robots;dexterous manipulation;field robot;frictional contact;grasped object;in-hand manipulation;precise arm motion;prehensile pushing;push-primitive;service robot;Acceleration;Computational modeling;Force;Friction;Geometry;Grippers;Robots}, 
	doi={10.1109/IROS.2015.7354264}, 
	month={Sept},}

@INPROCEEDINGS{Hunziker2013, 
	author={D. Hunziker and M. Gajamohan and M. Waibel and R. D'Andrea}, 
	booktitle={Robotics and Automation (ICRA), 2013 IEEE International Conference on}, 
	title={Rapyuta: The RoboEarth Cloud Engine}, 
	year={2013}, 
	pages={438-444}, 
	keywords={cloud computing;public domain software;robots;PaaS framework;Rapyuta;RoboEarth cloud engine;RoboEarth knowledge repository;open source platform-as-a-service framework;robotic teams;robotics applications;Robot sensing systems}, 
	doi={10.1109/ICRA.2013.6630612}, 
	ISSN={1050-4729}, 
	month={May},}

@INPROCEEDINGS{Bradski1998, 
	author={G. R. Bradski}, 
	booktitle={Applications of Computer Vision, 1998. WACV '98. Proceedings., Fourth IEEE Workshop on}, 
	title={Real time face and object tracking as a component of a perceptual user interface}, 
	year={1998}, 
	pages={214-219}, 
	keywords={computer vision;graphical user interfaces;real-time systems;CAMSHIFT;computer vision;histogram based methods;human faces;mean shift algorithm;perceptual user interface;probability distributions;real time face and object tracking;Computer vision;Face detection;Games;Histograms;Humans;Layout;Probability distribution;Robustness;Time sharing computer systems;User interfaces}, 
	doi={10.1109/ACV.1998.732882}, 
	month={Oct},}

@ARTICLE{Tenorth2013, 
	author={M. Tenorth and A. C. Perzylo and R. Lafrenz and M. Beetz}, 
	journal={IEEE Transactions on Automation Science and Engineering}, 
	title={Representation and Exchange of Knowledge About Actions, Objects, and Environments in the RoboEarth Framework}, 
	year={2013}, 
	volume={10}, 
	number={3}, 
	pages={643-651}, 
	keywords={Internet;formal languages;inference mechanisms;intelligent robots;knowledge representation;ROBOEARTH framework;community-based generation;formal language;inference information;knowledge representation;robots;world wide Web;OWL;Ontologies;Robot kinematics;Robot sensing systems;Semantics;Solid modeling;Knowledge representation;knowledge exchange;service robotics}, 
	doi={10.1109/TASE.2013.2244883}, 
	ISSN={1545-5955}, 
	month={July},
}

@article{Saxena2014,
	author    = {Ashutosh Saxena and Ashesh Jain and Ozan Sener and Aditya Jami and Dipendra Kumar Misra and Hema Swetha Koppula},
	title     = {RoboBrain: Large-Scale Knowledge Engine for Robots},
	journal   = {CoRR},
	volume    = {abs/1412.0691},
	year      = {2014},
	url       = {http://arxiv.org/abs/1412.0691},
	timestamp = {Mon, 13 Jul 2015 12:16:15 +0200},
	biburl    = {http://dblp.uni-trier.de/rec/bib/journals/corr/SaxenaJSJMK14},
	bibsource = {dblp computer science bibliography, http://dblp.org}
}

@ARTICLE{Riazuelo2015, 
	author={L. Riazuelo and M. Tenorth and D. Di Marco and M. Salas and D. Gálvez-López and L. Mösenlechner and L. Kunze and M. Beetz and J. D. Tardós and L. Montano and J. M. M. Montiel}, 
	journal={IEEE Transactions on Automation Science and Engineering}, 
	title={RoboEarth Semantic Mapping: A Cloud Enabled Knowledge-Based Approach}, 
	year={2015}, 
	volume={12}, 
	number={2}, 
	pages={432-443}, 
	keywords={SLAM (robots);Web services;cloud computing;control engineering computing;intelligent robots;mobile robots;object recognition;ontologies (artificial intelligence);RoboEarth semantic mapping system;SLAM map;Web services;cloud enabled knowledge-based approach;cloud services;intelligent robot;mobile robot;object locations;object model subdatabase;ontology;scene geometry;semantic reasoning;software as a service;Knowledge based systems;Navigation;Search problems;Semantics;Simultaneous localization and mapping;Visualization;Cloud mapping;knowledge representation;object recognition;semantic mapping;visual SLAM}, 
	doi={10.1109/TASE.2014.2377791}, 
	ISSN={1545-5955}, 
	month={April},}

@conference {Quigley2009,
	title = {ROS: an open-source Robot Operating System},
	booktitle = {ICRA Workshop on Open Source Software},
	year = {2009},
	attachments = {http://www.willowgarage.com/sites/default/files/icraoss09-ROS.pdf},
	author = {Morgan Quigley and Ken Conley and Brian P. Gerkey and Josh Faust and Tully Foote and Jeremy Leibs and Rob Wheeler and Andrew Y. Ng}
}

@Inbook{Nowak2006,
	author={Nowak, Eric and Jurie, Fr{\'e}d{\'e}ric and Triggs, Bill},
	title={Sampling Strategies for Bag-of-Features Image Classification},
	bookTitle={Computer Vision -- ECCV 2006: 9th European Conference on Computer Vision, Graz, Austria, May 7-13, 2006, Proceedings, Part IV},
	year={2006},
	publisher={Springer Berlin Heidelberg},
	address={Berlin, Heidelberg},
	pages={490--503},
	isbn={978-3-540-33839-0},
	doi={10.1007/11744085_38},
	url={http://dx.doi.org/10.1007/11744085_38}
}

@article{Elfring2013,
	author = {Elfring, J. and Van Den Dries, S. and Van De Molengraft, M. J. G. and Steinbuch, M.},
	title = {Semantic World Modeling Using Probabilistic Multiple Hypothesis Anchoring},
	journal = {Robot. Auton. Syst.},
	issue_date = {February, 2013},
	volume = {61},
	number = {2},
	month = feb,
	year = {2013},
	issn = {0921-8890},
	pages = {95--105},
	numpages = {11},
	url = {http://dx.doi.org/10.1016/j.robot.2012.11.005},
	doi = {10.1016/j.robot.2012.11.005},
	acmid = {2423167},
	publisher = {North-Holland Publishing Co.},
	address = {Amsterdam, The Netherlands, The Netherlands},
	keywords = {Anchoring, Data association, Multiple model tracking, Probabilistic multiple hypothesis anchoring, World modeling},
} 


@INPROCEEDINGS{Moreno2012,
	author={D. Moreno and G. Taubin}, 
	booktitle={2012 Second International Conference on 3D Imaging, Modeling, Processing, Visualization Transmission}, 
	title={Simple, Accurate, and Robust Projector-Camera Calibration}, 
	year={2012}, 
	pages={464-471}, 
	keywords={calibration;cameras;image processing;lenses;optical distortion;optical projectors;optical scanners;solid modelling;3D models;3D points;camera model;data projector;extended pinhole model;homography;image coordinates;laser scanners;lens distortion models;mathematical model;off-the-shelf components;precision loss;projector calibration techniques;projector image plane;projector-camera calibration;radial distortion coefficients;robust calibration methods;simplified model;structured-light systems;subpixel precision;tangential distortion coefficients;uncalibrated camera;Calibration;Cameras;Image color analysis;Image resolution;Reflective binary codes;Robustness;Software;calibration;camera;local homography;projector;structured-light}, 
	doi={10.1109/3DIMPVT.2012.77}, 
	ISSN={1550-6185}, 
	month={Oct},
}

@book{Bimber2005,
	author = {Bimber, Oliver and Raskar, Ramesh},
	title = {Spatial Augmented Reality: Merging Real and Virtual Worlds},
	year = {2005},
	isbn = {1568812302},
	publisher = {A. K. Peters, Ltd.},
	address = {Natick, MA, USA},
}

@INPROCEEDINGS{Patidar2016, 
	author={V. Patidar and R. Tiwari}, 
	booktitle={2016 International Conference on Computer Communication and Informatics (ICCCI)}, 
	title={Survey of robotic arm and parameters}, 
	year={2016}, 
	pages={1-6}, 
	keywords={manipulators;robotic arm development;robotic arm evolution;robotic arm parameters;Acceleration;Kinematics;Manipulators;Payloads;Robot kinematics;Service robots;Robotic arm;accuracy and repeatability;axis;degree of freedom;kinematics;payload;speed and acceleration;working envelope and space}, 
	doi={10.1109/ICCCI.2016.7479938}, 
	month={Jan},
}

@Article{Sansoni2009,
	AUTHOR = {Sansoni, Giovanna and Trebeschi, Marco and Docchio, Franco},
	TITLE = {State-of-The-Art and Applications of 3D Imaging Sensors in Industry, Cultural Heritage, Medicine, and Criminal Investigation},
	JOURNAL = {Sensors},
	VOLUME = {9},
	YEAR = {2009},
	NUMBER = {1},
	PAGES = {568},
	URL = {http://www.mdpi.com/1424-8220/9/1/568},
	PubMedID = {22389618},
	ISSN = {1424-8220},
	DOI = {10.3390/s90100568}
}

@article{tensorflow,
	author    = {Mart{\'{\i}}n Abadi and
	Ashish Agarwal and
	Paul Barham and
	Eugene Brevdo and
	Zhifeng Chen and
	Craig Citro and
	Gregory S. Corrado and
	Andy Davis and
	Jeffrey Dean and
	Matthieu Devin and
	Sanjay Ghemawat and
	Ian J. Goodfellow and
	Andrew Harp and
	Geoffrey Irving and
	Michael Isard and
	Yangqing Jia and
	Rafal J{\'{o}}zefowicz and
	Lukasz Kaiser and
	Manjunath Kudlur and
	Josh Levenberg and
	Dan Man{\'{e}} and
	Rajat Monga and
	Sherry Moore and
	Derek Gordon Murray and
	Chris Olah and
	Mike Schuster and
	Jonathon Shlens and
	Benoit Steiner and
	Ilya Sutskever and
	Kunal Talwar and
	Paul A. Tucker and
	Vincent Vanhoucke and
	Vijay Vasudevan and
	Fernanda B. Vi{\'{e}}gas and
	Oriol Vinyals and
	Pete Warden and
	Martin Wattenberg and
	Martin Wicke and
	Yuan Yu and
	Xiaoqiang Zheng},
	title     = {TensorFlow: Large-Scale Machine Learning on Heterogeneous Distributed
	Systems},
	journal   = {CoRR},
	volume    = {abs/1603.04467},
	year      = {2016},
	url       = {http://arxiv.org/abs/1603.04467},
	timestamp = {Fri, 01 Jul 2016 14:44:15 +0200},
	biburl    = {http://dblp.uni-trier.de/rec/bib/journals/corr/AbadiABBCCCDDDG16},
	bibsource = {dblp computer science bibliography, http://dblp.org}
}




@inproceedings{Raskar1998,
	author = {Raskar, Ramesh and Welch, Greg and Cutts, Matt and Lake, Adam and Stesin, Lev and Fuchs, Henry},
	title = {The Office of the Future: A Unified Approach to Image-based Modeling and Spatially Immersive Displays},
	booktitle = {Proceedings of the 25th Annual Conference on Computer Graphics and Interactive Techniques},
	series = {SIGGRAPH '98},
	year = {1998},
	isbn = {0-89791-999-8},
	pages = {179--188},
	numpages = {10},
	url = {http://doi.acm.org/10.1145/280814.280861},
	doi = {10.1145/280814.280861},
	acmid = {280861},
	publisher = {ACM},
	address = {New York, NY, USA},
	keywords = {autocalibration, calibration, depth, display, image-based modeling, image-based rendering, intensity blending, projection, range, reflectance, spatially immersive display, virtual environments},
}


@inproceedings{Perzylo2015a,
	author = {Perzylo, Alexander and Somani, Nikhil and Profanter, Stefan and Rickert, Markus and Knoll, Alois},
	title = {Toward Efficient Robot Teach-In and Semantic Process Descriptions for Small Lot Sizes},
	booktitle = {Proceedings of Robotics: Science and Systems, Workshop on Combining AI Reasoning and Cognitive Science with Robotics},
	year = {2015},
	month = jul,
	address = {Rome, Italy},
	keywords = {robotics},
	url = {http://youtu.be/B1Qu8Mt3WtQ},
}


@INPROCEEDINGS{Tenorth2010, 
	author={M. Tenorth and D. Nyga and M. Beetz}, 
	booktitle={Robotics and Automation (ICRA), 2010 IEEE International Conference on}, 
	title={Understanding and executing instructions for everyday manipulation tasks from the World Wide Web}, 
	year={2010}, 
	pages={1486-1491}, 
	keywords={Internet;control engineering computing;mobile robots;ontologies (artificial intelligence);service robots;Cyc ontology;RPL;WordNet database;World Wide Web;abstract task description;household robot;logic-based representation;manipulation task;mobile robot;natural language;robot planning;service robot;Databases;Grounding;Humans;Mobile robots;Natural languages;Ontologies;Robot sensing systems;Robotics and automation;Service robots;Web sites}, 
	doi={10.1109/ROBOT.2010.5509955}, 
	ISSN={1050-4729}, 
	month={May},}


@INPROCEEDINGS{Csurka04,
	author = {Gabriella Csurka and Christopher R. Dance and Lixin Fan and Jutta Willamowski and Cédric Bray},
	title = {Visual categorization with bags of keypoints},
	booktitle = {In Workshop on Statistical Learning in Computer Vision, ECCV},
	year = {2004},
	pages = {1--22}
}


------------


@MastersThesis{Costa2015Diss,
	author = {Carlos M. Costa},
	title = {Robot Self-Localization in Dynamic Environments},
	school = {Faculty of Engineering of University of Porto},
	year = {2015},
}

@INPROCEEDINGS{Costa2015ICIT,
	author={Carlos M. Costa and Héber M. Sobreira and Armando J. Sousa and Germano M. Veiga},
	booktitle={2015 IEEE International Conference on Industrial Technology (ICIT)}, 
	title={Robust and accurate localization system for mobile manipulators in cluttered environments}, 
	year={2015}, 
	pages={3308-3313}, 
	keywords={feature extraction;image matching;manipulators;mobile robots;optical radar;pose estimation;robot vision;LIDAR data;accurate localization system;autonomous robots;cluttered environments;dynamic environments;feature matching;mobile manipulators;mobile robot;modular localization system;operation rate;operational costs;pose tracking;productivity improvement;robot platforms;robust localization system;Estimation;Lasers;Measurement;Robot sensing systems;Three-dimensional displays;Iterative Closest Point;Normal Distributions Transform;Point Cloud Library;Robot Operating System;Self-localization;feature matching;initial pose estimation;point cloud registration;pose tracking}, 
	doi={10.1109/ICIT.2015.7125588}, 
	month={March},
}

@incollection{Costa2015Intech,
	title = {3 DoF/6 DoF Localization System for Low Computing Power Mobile Robot Platforms},
	author = {Carlos M. Costa and Héber M. Sobreira and Armando J. Sousa and Germano M. Veiga},
	booktitle  = {Cutting Edge Research in Technologies},
	year  = {2015},
	chapter = {2},
	doi  = {10.5772/61258},
	publisher = {InTech},
}

@article{Costa2016Elsevier,
	title = {Robust 3/6 DoF self-localization system with selective map update for mobile robot platforms},
	journal = {Robotics and Autonomous Systems},
	volume = {76},
	pages = {113 - 140},
	year = {2016},
	issn = {0921-8890},
	doi = {http://dx.doi.org/10.1016/j.robot.2015.09.030},
	url = {http://www.sciencedirect.com/science/article/pii/S0921889015002250},
	author = {Carlos M. Costa and Héber M. Sobreira and Armando J. Sousa and Germano M. Veiga},
	keywords = {Self-localization},
	keywords = {Simultaneous localization and mapping},
	keywords = {Point cloud registration},
	keywords = {Geometric feature matching},
}

@INPROCEEDINGS{Costa2016ICARSC,
	author={Carlos M. Costa and Germano M. Veiga and Armando J. Sousa},
	booktitle={2016 IEEE International Conference on Autonomous Robot Systems and Competitions (ICARSC)}, 
	title={Recognition of Banknotes in Multiple Perspectives Using Selective Feature Matching and Shape Analysis}, 
	year={2016}, 
}

@unpublished{Costa2014,
	author = {Carlos M. Costa},
	title = {Multiview object recognition using Bag of Words approach},
	year = {2014},
	note = "Working paper",
}
